\nocite{*}

@book{BMIntro,
  title={Brownian Motion - an Introduction to Stochastic Processes},
  author={{R. L. Schilling, L. Partzsch}},
  year={2014},
  publisher={De Gruyter}
}

@book{BMKaratzas,
  title={Brownian Motion and Stochastic Calculus},
  author={{I. Karatzas, S. E. Shreve}},
  year={1991},
  publisher={Springer}
}

@book{Oksendal,
  title={Stochastic Differential Equations - An Introduction with Applications},
  author={{B. \O ksendal}},
  year={2003},
  publisher={Springer}
}


@book{Klenke,
  title={Wahrscheinlichkeitstheorie},
  author={{A. Klenke}},
  year={2013},
  publisher={Springer}
}

@book{Numerik,
  title={An Introduction to Numerical Analysis},
  author={{E. SÃ¼li, D. Mayers}},
  year={2003},
  publisher={Cambridge University Press}
}


@book{Gard,
  title={Introduction to Stochastic Differential Equations},
  author={{T. C. Gard}},
  year={1987},
  publisher={Pure and Applied Mathematics}
}


@book{AsmussenGlynn,
  title={Stochastic Simulation - Algorithms and Analysis},
  author={{S. Asmussen, P. W. Glynn}},
  year={2007},
  publisher={Springer}
}

@book{EvansSDE,
  title={An Introduction to Stochastic Differential Equations},
  author={{L. C. Evans}},
  year={2013},
  publisher={AMS}
}

@book{KloedenPlaten,
  title={Numerical Solution of Stochastic Differential Equations},
  author={{P. E. Kloeden, E. Platen}},
  year={1992},
  publisher={Springer}
}


@article{Higham,
  title={An algorithmic Introduction to Numerical Simulation of Stochastic Differential Equations},
  author={{D. Higham}},
  year={2001},
  journal={SIAM}
}

@inproceedings{Talay,
  title={How to discretize stochastic differential equations},
  author={{D. Talay}},
  year={1982},
  address={Cortona},
  organization={Centro Internazionale Matematico Estivo},
  booktitle={Nonlinear Filtering and Stochastic Control},
  publisher={Springer}
}









